<?xml version="1.0" encoding="UTF-8"?><collection xmlns="http://www.loc.gov/MARC21/slim"><record><leader>00505nam--2200169-i-4500</leader><controlfield tag="001">000045394</controlfield><controlfield tag="002">20161230</controlfield><controlfield tag="005">20170107165517</controlfield><controlfield tag="008">060222s1000------------r-----000-0-eng-d</controlfield><datafield ind1=" " ind2=" " tag="080"><subfield code="a">535.33</subfield></datafield><datafield ind1="1" ind2=" " tag="100"><subfield code="a">T©œr©œk, Tibor</subfield></datafield><datafield ind1="1" ind2="0" tag="245"><subfield code="a">Quantitative evaluation of spectrograms by means of-transformation</subfield><subfield code="c">Tibor T©œr©œk; K©Łroly Zimmer</subfield></datafield><datafield ind1=" " ind2=" " tag="260"><subfield code="a">Budapest</subfield><subfield code="b">Akad©♭miai Kiad©đ</subfield><subfield code="c">1972</subfield></datafield><datafield ind1=" " ind2=" " tag="300"><subfield code="a">39 p. + 41-114P table</subfield></datafield><datafield ind1="1" ind2=" " tag="700"><subfield code="a">Zimmer, K©Łroly</subfield></datafield><datafield ind1=" " ind2=" " tag="852"><subfield code="a">39300</subfield><subfield code="c">535.33</subfield></datafield><datafield ind1=" " ind2=" " tag="CAT"><subfield code="a">SYS</subfield><subfield code="c">20170107</subfield><subfield code="h">165517</subfield></datafield></record></collection>